<?xml version="1.0" encoding="UTF-8"?><collection xmlns="http://www.loc.gov/MARC21/slim"><record><leader>00352nam--2200133-i-4500</leader><controlfield tag="001">000029873</controlfield><controlfield tag="002">20161230</controlfield><controlfield tag="005">20161230201037</controlfield><controlfield tag="008">060222s1000------------r-----000-0-eng-d</controlfield><datafield ind1=" " ind2=" " tag="080"><subfield code="a">621.74</subfield></datafield><datafield ind1=" " ind2=" " tag="100"><subfield code="a">Lozenco, A.K.Si Pokrovski, D.D</subfield></datafield><datafield ind1=" " ind2=" " tag="245"><subfield code="a">Turnarea in cochilie si turnarea centrifugala</subfield></datafield><datafield ind1=" " ind2=" " tag="260"><subfield code="a">Bucuresti, Ed.Tehnica, 1951, 50p</subfield></datafield><datafield ind1=" " ind2=" " tag="852"><subfield code="a">26610</subfield></datafield></record></collection>